% !TeX encoding = UTF-8
% !TeX spellcheck = BibTeX

% Author : Shlw
@article{lirui,
  title={基于自适应光子发射的渐进式光子映射},
  author={李睿 and 陈彦云 and 刘学慧},
  journal={计算机工程与设计},
  volume={33},
  number={1},
  pages={219--223},
  year={2012}
}

@article{ppm,
  title={Progressive photon mapping},
  author={Hachisuka, Toshiya and Ogaki, Shinji and Jensen, Henrik Wann},
  journal={ACM Transactions on Graphics (TOG)},
  volume={27},
  number={5},
  pages={130},
  year={2008},
  publisher={ACM}
}

@article{ppr,
  title={Progressive photon relaxation},
  author={Spencer, Ben and Jones, Mark W},
  journal={ACM Transactions on Graphics (TOG)},
  volume={32},
  number={1},
  pages={7},
  year={2013},
  publisher={ACM}
}

@book{pm,
  title={Realistic image synthesis using photon mapping},
  author={Jensen, Henrik Wann},
  volume={364},
  year={2001},
  publisher={Ak Peters Natick}
}

@Comment{jabref-meta: databaseType:bibtex;}
